101 0210000211234567890DATE__TIMEA094101ACME CORP              ACME CORP                      
5200ACME CORP                           1234567890PPDSUPPLIER        260315   1021000020000001
632021000021123456789012345  0000250000INV-2026-001   Widgets LLC             0021000020000001
632021000021123456789012345  0000250001INV-2026-001   Widgets LLC             0021000020000002
820000000200042000040000005000010000000000001234567890                         021000020000001
9000001000001000000020004200004000000500001000000000000                                       
9999999999999999999999999999999999999999999999999999999999999999999999999999999999999999999999
9999999999999999999999999999999999999999999999999999999999999999999999999999999999999999999999
9999999999999999999999999999999999999999999999999999999999999999999999999999999999999999999999
9999999999999999999999999999999999999999999999999999999999999999999999999999999999999999999999