<?xml version="1.0" encoding="UTF-8"?>
<Document xmlns="urn:iso:std:iso:20022:tech:xsd:pain.001.001.03" xmlns:xsi="http://www.w3.org/2001/XMLSchema-instance">
  <CstmrCdtTrfInitn>
    <GrpHdr>
      <MsgId>PMT-20260315-eur-001</MsgId>
      <CreDtTm>__CREATED_AT__</CreDtTm>
      <NbOfTxs>2</NbOfTxs>
      <CtrlSum>4250.00</CtrlSum>
      <InitgPty>
        <Nm>ACME Corp GmbH</Nm>
      </InitgPty>
    </GrpHdr>
    <PmtInf>
      <PmtInfId>PMT-20260315-eur-001</PmtInfId>
      <PmtMtd>TRF</PmtMtd>
      <BtchBookg>true</BtchBookg>
      <NbOfTxs>2</NbOfTxs>
      <CtrlSum>4250.00</CtrlSum>
      <PmtTpInf>
        <SvcLvl>
          <Cd>SEPA</Cd>
        </SvcLvl>
      </PmtTpInf>
      <ReqdExctnDt>2026-03-15</ReqdExctnDt>
      <Dbtr>
        <Nm>ACME Corp GmbH</Nm>
      </Dbtr>
      <DbtrAcct>
        <Id>
          <IBAN>DE89370400440532013000</IBAN>
        </Id>
        <Ccy>EUR</Ccy>
      </DbtrAcct>
      <DbtrAgt>
        <FinInstnId>
          <BIC>COBADEFFXXX</BIC>
        </FinInstnId>
      </DbtrAgt>
      <ChrgBr>SLEV</ChrgBr>
      <CdtTrfTxInf>
        <PmtId>
          <InstrId>EUR-2026-001</InstrId>
          <EndToEndId>E2E-inv-001-eur</EndToEndId>
        </PmtId>
        <Amt>
          <InstdAmt Ccy="EUR">1500.00</InstdAmt>
        </Amt>
        <CdtrAgt>
          <FinInstnId>
            <BIC>BNAGFRPPXXX</BIC>
          </FinInstnId>
        </CdtrAgt>
        <Cdtr>
          <Nm>European Supplier Ltd</Nm>
        </Cdtr>
        <CdtrAcct>
          <Id>
            <IBAN>FR1420041010050500013M02606</IBAN>
          </Id>
        </CdtrAcct>
        <RmtInf>
          <Ustrd>EUR-2026-001</Ustrd>
        </RmtInf>
      </CdtTrfTxInf>
      <CdtTrfTxInf>
        <PmtId>
          <InstrId>EUR-2026-002</InstrId>
          <EndToEndId>E2E-inv-002-eur</EndToEndId>
        </PmtId>
        <Amt>
          <InstdAmt Ccy="EUR">2750.00</InstdAmt>
        </Amt>
        <CdtrAgt>
          <FinInstnId>
            <BIC>NDEASESS</BIC>
          </FinInstnId>
        </CdtrAgt>
        <Cdtr>
          <Nm>Nordic Payment Partner</Nm>
        </Cdtr>
        <CdtrAcct>
          <Id>
            <IBAN>SE4550000000058398257466</IBAN>
          </Id>
        </CdtrAcct>
        <RmtInf>
          <Ustrd>EUR-2026-002</Ustrd>
        </RmtInf>
      </CdtTrfTxInf>
    </PmtInf>
  </CstmrCdtTrfInitn>
</Document>
