101 0210000211234567890DATE__TIMEA094101ACME CORP              ACME CORP                      
5200ACME CORP                           1234567890PPDSUPPLIER        260315   1021000020000001
622021000021123456789012345  0000500000INV-2026-001   Widgets LLC             0021000020000001
632031300012987654321098765  0000000125INV-2026-002   A Very Long Supplier N  0021000020000002
820000000200052300030000005001250000000000001234567890                         021000020000001
9000001000001000000020005230003000000500125000000000000                                       
9999999999999999999999999999999999999999999999999999999999999999999999999999999999999999999999
9999999999999999999999999999999999999999999999999999999999999999999999999999999999999999999999
9999999999999999999999999999999999999999999999999999999999999999999999999999999999999999999999
9999999999999999999999999999999999999999999999999999999999999999999999999999999999999999999999